<record><leader>00000cas a22000007a 4500</leader><controlfield tag="001">10029983</controlfield><controlfield tag="008">831018d18481884nyudn ne      0    0eng d</controlfield><controlfield tag="009">3781</controlfield><datafield ind1=" " ind2=" " tag="010"><subfield code="a">sn 83031899 </subfield></datafield><datafield ind1=" " ind2=" " tag="040"><subfield code="a">NPU</subfield><subfield code="b">eng</subfield><subfield code="c">NPU</subfield><subfield code="d">NYG</subfield><subfield code="d">DLC</subfield><subfield code="d">NPX</subfield><subfield code="d">NYS</subfield><subfield code="d">WAU</subfield><subfield code="d">OCL</subfield><subfield code="d">CRL</subfield><subfield code="d">KRTAS</subfield><subfield code="d">DLC</subfield><subfield code="d">OCLCF</subfield></datafield><datafield ind1="1" ind2=" " tag="029"><subfield code="a">AU@</subfield><subfield code="b">000025833440</subfield></datafield><datafield ind1=" " ind2=" " tag="042"><subfield code="a">msc</subfield></datafield><datafield ind1=" " ind2=" " tag="043"><subfield code="a">n-us-ny</subfield></datafield><datafield ind1="0" ind2="0" tag="050"><subfield code="a">Newspaper</subfield></datafield><datafield ind1="0" ind2="0" tag="245"><subfield code="a">Utica daily observer.</subfield></datafield><datafield ind1="0" ind2="3" tag="246"><subfield code="a">Daily observer</subfield></datafield><datafield ind1=" " ind2=" " tag="260"><subfield code="a">Utica, N.Y. :</subfield><subfield code="b">Kittle &amp; Beardsley,</subfield><subfield code="c">1848-1884.</subfield></datafield><datafield ind1=" " ind2=" " tag="300"><subfield code="a">36 v. ;</subfield><subfield code="c">61-62 cm.</subfield></datafield><datafield ind1=" " ind2=" " tag="310"><subfield code="a">Daily (except Sunday)</subfield></datafield><datafield ind1="0" ind2=" " tag="362"><subfield code="a">Vol. l, no. 1 (Apr. 27, 1848)-v. 36, no. 245 (Feb. 12, 1884).</subfield></datafield><datafield ind1=" " ind2=" " tag="500"><subfield code="a">Editors: Arthur M. Beardsley, &lt;1852&gt;; Joseph M. Lyon, &lt;1852&gt;.</subfield></datafield><datafield ind1=" " ind2=" " tag="500"><subfield code="a">Publishers: John F. Kittle &amp; Arthur M. Beardsley, 1848-    ; Arthur M. Beardsley &amp; Joseph M. Lyon, &lt;1852&gt;; J.M. Lyon &amp; D.C. Grove, &lt;1853&gt;; De Witt C. Grove, &lt;1853-1864&gt;; Grove &amp; Bailey, &lt;1867-1876&gt;.</subfield></datafield><datafield ind1=" " ind2=" " tag="500"><subfield code="a">"Democratic."</subfield></datafield><datafield ind1=" " ind2=" " tag="580"><subfield code="a">Weekly eds.: Utica observer (Utica, N.Y. : 1831), 1848-1852; Observer and Democrat, 1853-187u; Utica weekly observer, 187u-18uu.</subfield></datafield><datafield ind1=" " ind2="0" tag="651"><subfield code="a">Utica (N.Y.)</subfield><subfield code="v">Newspapers.</subfield></datafield><datafield ind1=" " ind2="0" tag="651"><subfield code="a">Oneida County (N.Y.)</subfield><subfield code="v">Newspapers.</subfield></datafield><datafield ind1=" " ind2="7" tag="655"><subfield code="a">Newspapers.</subfield><subfield code="2">fast</subfield><subfield code="0">(OCoLC)fst01423814</subfield></datafield><datafield ind1=" " ind2="7" tag="651"><subfield code="a">New York (State)</subfield><subfield code="z">Oneida County.</subfield><subfield code="2">fast</subfield><subfield code="0">(OCoLC)fst01209049</subfield></datafield><datafield ind1=" " ind2="7" tag="651"><subfield code="a">New York (State)</subfield><subfield code="z">Utica.</subfield><subfield code="2">fast</subfield><subfield code="0">(OCoLC)fst01207805</subfield></datafield><datafield ind1=" " ind2=" " tag="752"><subfield code="a">United States</subfield><subfield code="b">New York</subfield><subfield code="c">Oneida</subfield><subfield code="d">Utica.</subfield></datafield><datafield ind1="1" ind2=" " tag="775"><subfield code="t">Utica observer (Utica, N.Y. : 1831)</subfield><subfield code="w">(DLC)sn 83031902</subfield><subfield code="w">(OCoLC)10030721</subfield></datafield><datafield ind1="1" ind2=" " tag="775"><subfield code="t">Observer and Democrat</subfield><subfield code="w">(DLC)sn 88074249</subfield></datafield><datafield ind1="1" ind2=" " tag="775"><subfield code="t">Utica weekly observer</subfield><subfield code="w">(DLC)sn 86053230</subfield></datafield><datafield ind1="0" ind2="0" tag="785"><subfield code="t">Utica observer (Utica, N.Y. : 1884)</subfield><subfield code="w">(DLC)sn 84035656</subfield><subfield code="w">(OCoLC)11543645</subfield></datafield><datafield ind1=" " ind2=" " tag="938"><subfield code="a">Kirtas Technologies, Inc.</subfield><subfield code="b">KRTS</subfield><subfield code="n">737568</subfield></datafield></record>